<?xml version="1.0" encoding="UTF-8"?>
  <record xmlns="http://www.loc.gov/MARC21/slim" type="Authority">
    <leader>00000nz  a2200000nc 4500</leader>
    <controlfield tag="001">118757083</controlfield>
    <controlfield tag="003">DE-101</controlfield>
    <controlfield tag="005">20220311161618.0</controlfield>
    <controlfield tag="008">880701n||azznnaabn           | aaa    |c</controlfield>
    <datafield tag="024" ind1="7" ind2=" ">
      <subfield code="a">118757083</subfield>
      <subfield code="0">http://d-nb.info/gnd/118757083</subfield>
      <subfield code="2">gnd</subfield>
    </datafield>
    <datafield tag="035" ind1=" " ind2=" ">
      <subfield code="a">(DE-101)118757083</subfield>
    </datafield>
    <datafield tag="035" ind1=" " ind2=" ">
      <subfield code="a">(DE-588)118757083</subfield>
    </datafield>
    <datafield tag="035" ind1=" " ind2=" ">
      <subfield code="z">(DE-588)108919630X</subfield>
    </datafield>
    <datafield tag="035" ind1=" " ind2=" ">
      <subfield code="z">(DE-588a)118757083</subfield>
      <subfield code="9">v:zg</subfield>
    </datafield>
    <datafield tag="035" ind1=" " ind2=" ">
      <subfield code="z">(DE-588a)126890781</subfield>
    </datafield>
    <datafield tag="035" ind1=" " ind2=" ">
      <subfield code="z">(DE-588c)4106268-1</subfield>
      <subfield code="9">v:zg</subfield>
    </datafield>
    <datafield tag="040" ind1=" " ind2=" ">
      <subfield code="a">DE-101</subfield>
      <subfield code="c">DE-101</subfield>
      <subfield code="9">r:DE-101</subfield>
      <subfield code="b">ger</subfield>
      <subfield code="d">9999</subfield>
      <subfield code="e">rda</subfield>
    </datafield>
    <datafield tag="042" ind1=" " ind2=" ">
      <subfield code="a">gnd1</subfield>
    </datafield>
    <datafield tag="043" ind1=" " ind2=" ">
      <subfield code="c">XA-DE</subfield>
    </datafield>
    <datafield tag="065" ind1=" " ind2=" ">
      <subfield code="a">16.1p</subfield>
      <subfield code="2">sswd</subfield>
    </datafield>
    <datafield tag="075" ind1=" " ind2=" ">
      <subfield code="b">p</subfield>
      <subfield code="2">gndgen</subfield>
    </datafield>
    <datafield tag="075" ind1=" " ind2=" ">
      <subfield code="b">piz</subfield>
      <subfield code="2">gndspec</subfield>
    </datafield>
    <datafield tag="079" ind1=" " ind2=" ">
      <subfield code="a">g</subfield>
      <subfield code="q">f</subfield>
      <subfield code="q">n</subfield>
      <subfield code="q">s</subfield>
      <subfield code="q">z</subfield>
      <subfield code="u">v</subfield>
      <subfield code="u">w</subfield>
      <subfield code="u">k</subfield>
    </datafield>
    <datafield tag="100" ind1="0" ind2=" ">
      <subfield code="a">Thietmarus</subfield>
      <subfield code="c">Merseburgensis</subfield>
      <subfield code="d">975-1018</subfield>
    </datafield>
    <datafield tag="375" ind1=" " ind2=" ">
      <subfield code="a">1</subfield>
      <subfield code="2">iso5218</subfield>
    </datafield>
    <datafield tag="400" ind1="0" ind2=" ">
      <subfield code="a">Ditmarus</subfield>
      <subfield code="c">Mersepurgensis</subfield>
      <subfield code="d">975-1018</subfield>
    </datafield>
    <datafield tag="400" ind1="0" ind2=" ">
      <subfield code="a">Thietmarus</subfield>
      <subfield code="c">episcopus Mersenburgensis</subfield>
      <subfield code="d">975-1018</subfield>
    </datafield>
    <datafield tag="400" ind1="0" ind2=" ">
      <subfield code="a">Diethmar</subfield>
      <subfield code="c">von Merseburg</subfield>
      <subfield code="d">975-1018</subfield>
    </datafield>
    <datafield tag="400" ind1="0" ind2=" ">
      <subfield code="a">Diethmarus</subfield>
      <subfield code="c">Episcopus</subfield>
      <subfield code="d">975-1018</subfield>
    </datafield>
    <datafield tag="400" ind1="0" ind2=" ">
      <subfield code="a">Dietmar</subfield>
      <subfield code="c">von Merseburg</subfield>
      <subfield code="d">975-1018</subfield>
    </datafield>
    <datafield tag="400" ind1="0" ind2=" ">
      <subfield code="a">Dithmar</subfield>
      <subfield code="d">975-1018</subfield>
    </datafield>
    <datafield tag="400" ind1="0" ind2=" ">
      <subfield code="a">Dithmar</subfield>
      <subfield code="c">von Merseburg</subfield>
      <subfield code="d">975-1018</subfield>
    </datafield>
    <datafield tag="400" ind1="0" ind2=" ">
      <subfield code="a">Dithmar</subfield>
      <subfield code="c">von Walbeck</subfield>
      <subfield code="d">975-1018</subfield>
    </datafield>
    <datafield tag="400" ind1="0" ind2=" ">
      <subfield code="a">Dithmarus</subfield>
      <subfield code="c">Merseburgensis</subfield>
      <subfield code="d">975-1018</subfield>
    </datafield>
    <datafield tag="400" ind1="0" ind2=" ">
      <subfield code="a">Ditmar</subfield>
      <subfield code="c">von Merseburg</subfield>
      <subfield code="d">975-1018</subfield>
    </datafield>
    <datafield tag="400" ind1="0" ind2=" ">
      <subfield code="a">Ditmarus</subfield>
      <subfield code="d">975-1018</subfield>
    </datafield>
    <datafield tag="400" ind1="0" ind2=" ">
      <subfield code="a">Ditmarus</subfield>
      <subfield code="c">Merseburgensis</subfield>
      <subfield code="d">975-1018</subfield>
    </datafield>
    <datafield tag="400" ind1="0" ind2=" ">
      <subfield code="a">Dittmar</subfield>
      <subfield code="c">of Merseburg</subfield>
      <subfield code="d">975-1018</subfield>
    </datafield>
    <datafield tag="400" ind1="0" ind2=" ">
      <subfield code="a">Thietmar</subfield>
      <subfield code="d">975-1018</subfield>
    </datafield>
    <datafield tag="400" ind1="0" ind2=" ">
      <subfield code="a">Thietmar</subfield>
      <subfield code="c">de Mersebourg</subfield>
      <subfield code="d">975-1018</subfield>
    </datafield>
    <datafield tag="400" ind1="0" ind2=" ">
      <subfield code="a">Thietmar</subfield>
      <subfield code="c">Episcopus</subfield>
      <subfield code="d">975-1018</subfield>
    </datafield>
    <datafield tag="400" ind1="0" ind2=" ">
      <subfield code="a">Thietmar</subfield>
      <subfield code="c">of Merseburg</subfield>
      <subfield code="d">975-1018</subfield>
    </datafield>
    <datafield tag="400" ind1="0" ind2=" ">
      <subfield code="a">Thietmarus</subfield>
      <subfield code="c">Episcopus</subfield>
      <subfield code="d">975-1018</subfield>
    </datafield>
    <datafield tag="400" ind1="0" ind2=" ">
      <subfield code="a">Walbeck</subfield>
      <subfield code="c">of Merseburg</subfield>
      <subfield code="d">975-1018</subfield>
    </datafield>
    <datafield tag="400" ind1="0" ind2=" ">
      <subfield code="a">Dithmar</subfield>
      <subfield code="c">Merseburgensis</subfield>
      <subfield code="d">975-1018</subfield>
    </datafield>
    <datafield tag="400" ind1="1" ind2=" ">
      <subfield code="a">Merseburg, Dithmar &#152;von&#156;</subfield>
      <subfield code="d">975-1018</subfield>
    </datafield>
    <datafield tag="400" ind1="1" ind2=" ">
      <subfield code="a">Walbeck, Ditmar &#152;von&#156;</subfield>
      <subfield code="d">975-1018</subfield>
    </datafield>
    <datafield tag="400" ind1="1" ind2=" ">
      <subfield code="a">Walbeck, Dietmar &#152;von&#156;</subfield>
      <subfield code="d">975-1018</subfield>
    </datafield>
    <datafield tag="400" ind1="0" ind2=" ">
      <subfield code="a">Thietmar</subfield>
      <subfield code="c">von Merseburg</subfield>
      <subfield code="d">975-1018</subfield>
    </datafield>
    <datafield tag="400" ind1="1" ind2=" ">
      <subfield code="a">Merseburg, Thietmar &#152;von&#156;</subfield>
      <subfield code="d">975-1018</subfield>
    </datafield>
    <datafield tag="400" ind1="0" ind2=" ">
      <subfield code="a">Thietmar</subfield>
      <subfield code="c">di Merseburg</subfield>
      <subfield code="d">975-1018</subfield>
    </datafield>
    <datafield tag="400" ind1="0" ind2=" ">
      <subfield code="a">Thietmarus</subfield>
      <subfield code="c">Episcopus Mersenburgensis</subfield>
      <subfield code="d">975-1018</subfield>
    </datafield>
    <datafield tag="400" ind1="0" ind2=" ">
      <subfield code="a">Tietmaro</subfield>
      <subfield code="c">di Merseburgo</subfield>
      <subfield code="d">975-1018</subfield>
    </datafield>
    <datafield tag="400" ind1="1" ind2=" ">
      <subfield code="a">Merseburgo, Tietmaro &#152;di&#156;</subfield>
      <subfield code="d">975-1018</subfield>
    </datafield>
    <datafield tag="500" ind1="0" ind2=" ">
      <subfield code="0">(DE-101)135669944</subfield>
      <subfield code="0">(DE-588)135669944</subfield>
      <subfield code="0">https://d-nb.info/gnd/135669944</subfield>
      <subfield code="a">Brun</subfield>
      <subfield code="c">von Walbeck</subfield>
      <subfield code="d">-1049</subfield>
      <subfield code="4">bezf</subfield>
      <subfield code="4">https://d-nb.info/standards/elementset/gnd#familialRelationship</subfield>
      <subfield code="w">r</subfield>
      <subfield code="i">Beziehung familiaer</subfield>
      <subfield code="e">Beziehung familiaer</subfield>
      <subfield code="9">v:Bruder</subfield>
    </datafield>
    <datafield tag="548" ind1=" " ind2=" ">
      <subfield code="a">975-1018</subfield>
      <subfield code="4">datl</subfield>
      <subfield code="4">https://d-nb.info/standards/elementset/gnd#dateOfBirthAndDeath</subfield>
      <subfield code="w">r</subfield>
      <subfield code="i">Lebensdaten</subfield>
      <subfield code="9">v:abweichendes Geburtsjahr: 976</subfield>
    </datafield>
    <datafield tag="550" ind1=" " ind2=" ">
      <subfield code="0">(DE-101)040069494</subfield>
      <subfield code="0">(DE-588)4006949-7</subfield>
      <subfield code="0">https://d-nb.info/gnd/4006949-7</subfield>
      <subfield code="a">Bischof</subfield>
      <subfield code="4">berc</subfield>
      <subfield code="4">https://d-nb.info/standards/elementset/gnd#professionOrOccupation</subfield>
      <subfield code="w">r</subfield>
      <subfield code="i">Charakteristischer Beruf</subfield>
    </datafield>
    <datafield tag="550" ind1=" " ind2=" ">
      <subfield code="0">(DE-101)955535239</subfield>
      <subfield code="0">(DE-588)4528560-3</subfield>
      <subfield code="0">https://d-nb.info/gnd/4528560-3</subfield>
      <subfield code="a">Chronist</subfield>
      <subfield code="4">beru</subfield>
      <subfield code="4">https://d-nb.info/standards/elementset/gnd#professionOrOccupation</subfield>
      <subfield code="w">r</subfield>
      <subfield code="i">Beruf</subfield>
    </datafield>
    <datafield tag="551" ind1=" " ind2=" ">
      <subfield code="0">(DE-101)040387496</subfield>
      <subfield code="0">(DE-588)4038749-5</subfield>
      <subfield code="0">https://d-nb.info/gnd/4038749-5</subfield>
      <subfield code="a">Merseburg</subfield>
      <subfield code="4">ortw</subfield>
      <subfield code="4">https://d-nb.info/standards/elementset/gnd#placeOfActivity</subfield>
      <subfield code="w">r</subfield>
      <subfield code="i">Wirkungsort</subfield>
    </datafield>
    <datafield tag="667" ind1=" " ind2=" ">
      <subfield code="a">SAEBI</subfield>
    </datafield>
    <datafield tag="667" ind1=" " ind2=" ">
      <subfield code="a">NDSBIO</subfield>
    </datafield>
    <datafield tag="667" ind1=" " ind2=" ">
      <subfield code="a">12-PMA</subfield>
    </datafield>
    <datafield tag="667" ind1=" " ind2=" ">
      <subfield code="a">12</subfield>
    </datafield>
    <datafield tag="667" ind1=" " ind2=" ">
      <subfield code="a">7</subfield>
    </datafield>
    <datafield tag="667" ind1=" " ind2=" ">
      <subfield code="a">Maschinell verknuepft mit DBL-Retro-Titeldaten</subfield>
    </datafield>
    <datafield tag="667" ind1=" " ind2=" ">
      <subfield code="a">VD-17</subfield>
    </datafield>
    <datafield tag="670" ind1=" " ind2=" ">
      <subfield code="a">Tusculum-Lexikon; LThK; VL(2); LMA,VIII,694/96</subfield>
    </datafield>
    <datafield tag="670" ind1=" " ind2=" ">
      <subfield code="a">M;NDB/ADB-online</subfield>
    </datafield>
    <datafield tag="670" ind1=" " ind2=" ">
      <subfield code="a">GND</subfield>
    </datafield>
    <datafield tag="672" ind1=" " ind2="0">
      <subfield code="a">Thietmarus &lt;Merseburgensis&gt;: Chronici Ditmari Episcopi Mersepurgii libri VII</subfield>
      <subfield code="f">1580</subfield>
    </datafield>
    <datafield tag="672" ind1=" " ind2="0">
      <subfield code="a">Thietmarus &lt;Merseburgensis&gt;: Chronica Ditmari</subfield>
      <subfield code="f">1606</subfield>
    </datafield>
    <datafield tag="672" ind1=" " ind2="0">
      <subfield code="a">Thietmarus &lt;Merseburgensis&gt;: Chronici Dithmari Episcopi Merseburgensis libri IIX</subfield>
      <subfield code="f">1667</subfield>
    </datafield>
    <datafield tag="672" ind1=" " ind2="0">
      <subfield code="a">Thietmarus &lt;Merseburgensis&gt;: Des Bischofs zu Merseburg Chronik</subfield>
      <subfield code="f">1790</subfield>
    </datafield>
    <datafield tag="672" ind1=" " ind2="0">
      <subfield code="a">Thietmarus &lt;Merseburgensis&gt;: Chronik in 8 Büchern</subfield>
      <subfield code="f">1790</subfield>
    </datafield>
    <datafield tag="672" ind1=" " ind2="0">
      <subfield code="a">Thietmarus &lt;Merseburgensis&gt;: Chronicon</subfield>
      <subfield code="f">1807</subfield>
    </datafield>
    <datafield tag="672" ind1=" " ind2="0">
      <subfield code="a">Thietmarus &lt;Merseburgensis&gt;: Die Dresdner Handschrift der Chronick des Bischofs Thietmar</subfield>
      <subfield code="f">1905</subfield>
    </datafield>
    <datafield tag="672" ind1=" " ind2="0">
      <subfield code="a">&#152;Die&#156; Chronik des Thietmar von Merseburg</subfield>
      <subfield code="f">1939</subfield>
    </datafield>
    <datafield tag="913" ind1=" " ind2=" ">
      <subfield code="S">pnd</subfield>
      <subfield code="i">5</subfield>
      <subfield code="a">Thietmarus &lt;Merseburgensis&gt;</subfield>
      <subfield code="0">(DE-588a)118757083</subfield>
    </datafield>
    <datafield tag="913" ind1=" " ind2=" ">
      <subfield code="S">pnd</subfield>
      <subfield code="i">5</subfield>
      <subfield code="a">Thietmar &lt;von Merseburg&gt;</subfield>
      <subfield code="0">(DE-588a)118757083</subfield>
    </datafield>
  </record>
